% journal names
@Book{GOF,
  author = 	 {Erich Gamma and Richard Helm and John Vlissides and Ralf Johnson},
  editor = 	 {Addison-Wesley Professional Computing Series},
  title = 	 {Design Patterns: Elements of Reusable Object-Oriented Software},
  publisher = 	 {Addison-Wesley Professional},
  year = 	 {1995},
  edition = 	 {first}
}
@Book{XP01,
  author = 	 {Kent Beck},
  title = 	 {Extreme Programming Explained: Embrace Change},
  publisher = 	 {Addison-Wesley Professional},
  year = 	 {1999},
  edition = 	 {US Ed}
}

@Book{XP02,
  author = 	 {Kent Beck and Cynthia Andres},
  title = 	 {Extreme Programming Explained: Embrace Change, 2nd Edition},
  publisher = 	 {Addison-Wesley Professional},
  year = 	 {2004},
  series = 	 {The XP Series},
  edition = 	 {2}
}

@Book{POSA01,
  author = 	 {Douglas Schmidt and Michael Stal and Hans Rohnert and Frank Buschmann},
  editor = 	 {Hardcover},
  title = 	 {Pattern-Oriented Software Architecture, Volume 1: A System of Patterns},
  publisher = 	 {John Wiley {\&} Sons},
  year = 	 {1996},
  volume = 	 {1},
  edition = 	 {1}
}

@Book{Refac01,
  author = 	 {Martin Fowler and Kent Beck and John Brant and William Opdyke and Don Roberts},
  editor = 	 {Hardcover},
  title = 	 {Refactoring: Improving the Design of Existing Code},
  publisher = 	 {Addison-Wesley Professional},
  year = 	 {1999},
  edition = 	 {1st}
}
@Book{raymond99a,
  author =	"Eric S. Raymond",
  title =	"The Cathedral \& the Bazaar: Musings on {Linux} and
		 Open Source by an Accidental Revolutionary",
  publisher =	"O'Reilly \& {Associates, Inc.}",
  year = 	"1999",
}
@Misc{Raymond98,
  author =	"Eric. S. Raymond",
  title =	"The Cathedral and the Bazaar",
  howpublished = "\url{http://www.catb.org/~esr/writings/cathedral-bazaar/cathedral-bazaar/}",
  month =	08,
  year = 	"1998",
}
@Book{UML01,
  author = 	 {Martin Fowler},
  editor = 	 {Paperback},
  title = 	 {UML Distilled: A Brief Guide to the Standard Object Modeling Language},
  publisher = 	 {Addison-Wesley Professional},
  year = 	 {2003},
  edition = 	 {3}
}

@Book{SG3D,
  author = 	 {Luis Velhos e Jonas Gomes},
  editor = 	 {Instituto de Matemtica Pura e Aplicada - IMPA},
  title = 	 {Sistemas grficos 3D},
  publisher = 	 {IMPA},
  year = 	 {2001},
  edition = 	 {1}
}

@Misc{Java01,
  author = 	 {Sun Microsystems},
  title = 	 {Java 1.5.0 API},
  howpublished = "\url{http://java.sun.com/j2se/1.5.0/docs/api/}",
  month = 	 {06},
  year = 	 {2005}
}
@Misc{AgileManifest,
  author =       {Kent Beck and Alistair Cockburn and Ward Cunningham and Martin Fowler and Ken Schwaber and al.},
  title =        {Manifesto for Agile Software Development},
  howpublished = "\url{http://agilemanifesto.org/}",
  note =         {The agile manifest official web site.},
  month =        {02},
  year =         {2001}
}
@Misc{SWT01,
  author = 	 {IBM},
  title = 	 {Eclipse help},
  howpublished = "\url{http://help.eclipse.org/help32/index.jsp}",
  note =         {The eclipse 3.2 help web site. It contains informations about SWT and RCP including their API.},
  month = 	 {04},
  year = 	 {2006}
}
@Book{Schwaber04,
 author = {Ken Schwaber},
 title = {Agile Project Management with Scrum},
 publisher = {Microsoft Press},
 year = {2004}
}
@Book{CA01,
  author = 	 {Christopher Alexander},
  editor = 	 {Hardcover},
  title = 	 {A Pattern Language: Towns, Buildings, Construction},
  publisher = 	 {Oxford University Press},
  year = 	 {1977}
}
@Book {ProdOSS,
  author = {Karl Fogel},
  title = {Producing Open Source Software},
  publisher = {O'Reilly},
  year = {2005}
}
@Misc{XML,
  author = 	 {World Wide Web Consortium (W3C)},
  title = 	 {XML Definition},
  howpublished = "\url{http://www.w3.org/XML/}"
}
@Misc{XSD,
  author = 	 {World Wide Web Consortium (W3C)},
  title = 	 {XML Schema Definition},
  howpublished = "\url{http://www.w3.org/XML/Schema}"
}
@Misc{PDF,
  title = 	 {Portable Document Format},
  howpublished = "\url{http://en.wikipedia.org/wiki/PDF}",
  note = 	 {The PDF definition published on the wikipedia the 1st of december 2006}
}
@Misc{SVG,
  author = 	 {World Wide Web Consortium (W3C)},
  title = 	 {SVG Definition},
  howpublished = "\url{http://www.w3.org/Graphics/SVG/}"
}
@Misc{XPOSS01,
 author = {Andrew McKinlay},
 title = {Extreme Programming and Open Source Software},
 howpublished = "\url{http://www.advogato.org/article/202.html}",
 note = {An article describing parallels between those universes.}
}
@Misc{XPOSS02,
 author = {Vinod Vijayarajan},
 title = {Xtreme Programming and Open Source Software Development},
 howpublished = "\url{http://freshmeat.net/articles/view/1173/}",
 note = {A freshmeat.net editorial}
}
@Misc{XPOSS03,
 author = {Gerrit Riesen},
 title = {Combining Open Source and XP},
 howpublished = {http://c2.com/cgi/wiki?CombiningOpenSourceAndXp},
 note = {A wiki discussion about what both can bring to each other}
}
@Misc{XPOSS04,
 author = {chromatic},
 title = {Five Lessons Open Source Developers Should Learn from Extreme Programming},
 howpublished = "\url{http://www.onlamp.com/pub/a/onlamp/2003/08/28/extremeprogramming.html}"
}
@unpublished{XP03,
  author = 	 {Danilo Sato and Dairton Bassi and  Mariana Bravo and Alfredo Goldman and Fabio Kon},
  title = 	 {Experiences on Tracking Agile Projects: an Empirical Study},
  journal = 	 {Journal of the Brazilian Computer Society},
  year = 	 {2007},
  note =         {Accepted for publication},
  publisher =    {SBC}
}

@Article{Fowler00,
  author = 	 {Martin Fowler},
  title = 	 {Put Your Process on a Diet},
  journal = 	 {Software Development magazine},
  year = 	 {2000},
}

@Misc{Fowler00orig,
  author = 	 {Martin Fowler},
  title = 	 {The New Methodology},
  howpublished = "\url{http://martinfowler.com/articles/newMethodologyOriginal.html}",
  note = 	 {Original version available on Fowler's website},
}

@MastersThesis{Kiko,
  author = 	 {Christian Robottom Reis},
  title = 	 {Caracteriza\c{c}\~{a}o de um Processo de Software para Projetos de Software Livre},
  school = 	 {Instituto de Ci\^{e}ncias Matem\'{a}ticas e de Computa\c{c}\~{a}o da Universidade de S\~{a}o Paulo},
  year = 	 {2003}
}

@MISC{DaveThomas,
  author =	 {Dave Thomas},
  title =	 {Code Kata: How to Become a Better Developer},
  year =	 {2003},
  howpublished = {\url{codekata.pragprog.com}}
}

@MISC{Bossavit,
  author =	 {Laurent Bossavit},
  title =	 {Object Dojo},
  year =	 {2003},
  howpublished = {\url{http://www.bossavit.com/pivot/pivot/entry.php?id=207}}
}

@unpublished{varzeae,
  author = {Marcel Kenji de Carli Silva, Hugo Corbucci},
  title = {A v\'{a}rzea \'{e} tudo na vida},
  journal = {Mathematicae Varzeae},
  year = {2007},
  note = {R\'{a}!},
  publisher = {Mathematicae Varzeae}
}

